<record><leader>00000cas a22000007a 4500</leader><controlfield tag="001">21192933</controlfield><controlfield tag="008">900309d19181925aruwr ne      0    0eng d</controlfield><datafield ind1=" " ind2=" " tag="010"><subfield code="a">sn 90050084 </subfield></datafield><datafield ind1=" " ind2=" " tag="040"><subfield code="a">ANU</subfield><subfield code="b">eng</subfield><subfield code="c">ANU</subfield><subfield code="d">OCLCQ</subfield></datafield><datafield ind1=" " ind2=" " tag="042"><subfield code="a">msc</subfield></datafield><datafield ind1="0" ind2="0" tag="245"><subfield code="a">Jacksonian-headlight.</subfield></datafield><datafield ind1=" " ind2=" " tag="260"><subfield code="a">Heber Springs, Cleburne County, Ark. :</subfield><subfield code="b">R.L. Brawner</subfield></datafield><datafield ind1=" " ind2=" " tag="300"><subfield code="a">v.</subfield></datafield><datafield ind1=" " ind2=" " tag="310"><subfield code="a">Weekly</subfield></datafield><datafield ind1="1" ind2=" " tag="362"><subfield code="a">Began in 1918? Ceased in Sept. 1925.</subfield></datafield><datafield ind1=" " ind2=" " tag="588"><subfield code="a">Description based on: Vol. 15, no. 25 (Oct. 13, 1921).</subfield></datafield><datafield ind1=" " ind2="4" tag="651"><subfield code="a">Heber Springs (Ark.)</subfield><subfield code="v">Newspapers.</subfield></datafield><datafield ind1=" " ind2="4" tag="651"><subfield code="a">Cleburne County (Ark.)</subfield><subfield code="v">Newspapers.</subfield></datafield><datafield ind1=" " ind2=" " tag="752"><subfield code="a">United States</subfield><subfield code="b">Arkansas</subfield><subfield code="c">Cleburne</subfield><subfield code="d">Heber Springs.</subfield></datafield><datafield ind1="0" ind2="4" tag="780"><subfield code="t">Jacksonian (Heber, Ark.)</subfield><subfield code="w">(DLC)sn 85032966</subfield></datafield><datafield ind1="0" ind2="4" tag="780"><subfield code="t">Heber Springs headlight</subfield><subfield code="w">(DLC)sn 91050175</subfield></datafield><datafield ind1="0" ind2="7" tag="785"><subfield code="t">Cleburne County times (Heber Springs, Ark. : 1923)</subfield><subfield code="w">(DLC)sn 93050663</subfield></datafield><datafield ind1="0" ind2="7" tag="785"><subfield code="t">Times-headlight</subfield><subfield code="w">(DLC)sn 90050085</subfield></datafield></record>